<record><leader>00000cas a22000007a 4500</leader><controlfield tag="001">19773488</controlfield><controlfield tag="008">890527d19871987njuer ne      0    0eng d</controlfield><datafield ind1=" " ind2=" " tag="010"><subfield code="a">sn 89069102 </subfield></datafield><datafield ind1=" " ind2=" " tag="040"><subfield code="a">NJW</subfield><subfield code="b">eng</subfield><subfield code="c">NJW</subfield><subfield code="d">OCLCQ</subfield></datafield><datafield ind1=" " ind2=" " tag="042"><subfield code="a">msc</subfield></datafield><datafield ind1="0" ind2="0" tag="245"><subfield code="a">Lincoln Park journal.</subfield></datafield><datafield ind1=" " ind2=" " tag="260"><subfield code="a">Lincoln Park, N.J. :</subfield><subfield code="b">Richard Mabey, Jr.,</subfield><subfield code="c">1987.</subfield></datafield><datafield ind1=" " ind2=" " tag="310"><subfield code="a">Biweekly</subfield></datafield><datafield ind1="0" ind2=" " tag="362"><subfield code="a">Vol. 1, no. 1 (Feb. 1, 1987)-v. 1, no. 13 (July 18, 1987).</subfield></datafield><datafield ind1=" " ind2=" " tag="752"><subfield code="a">United States</subfield><subfield code="b">New Jersey</subfield><subfield code="c">Morris</subfield><subfield code="d">Lincoln Park.</subfield></datafield></record>